<?xml version="1.0" encoding="UTF-8"?><collection xmlns="http://www.loc.gov/MARC21/slim"><record><leader>00490nam--2200157-i-4500</leader><controlfield tag="001">000006577</controlfield><controlfield tag="002">20161230</controlfield><controlfield tag="005">20170222151253</controlfield><controlfield tag="008">060222s1000------------r-----000-0-eng-d</controlfield><datafield ind1=" " ind2=" " tag="100"><subfield code="a">Byckling, Eero</subfield></datafield><datafield ind1=" " ind2=" " tag="245"><subfield code="a">Occupation number representation in calssical statistical mechanics</subfield></datafield><datafield ind1=" " ind2=" " tag="260"><subfield code="a">Helsinki</subfield><subfield code="b">Suomalainen Tiedeakatemia</subfield><subfield code="c">1963</subfield></datafield><datafield ind1=" " ind2=" " tag="300"><subfield code="a">34 p</subfield></datafield><datafield ind1=" " ind2=" " tag="490"><subfield code="a">Annales Academiae Scientiarum Fennicae, Series A, VI. Physica, Nr.134</subfield></datafield><datafield ind1=" " ind2=" " tag="852"><subfield code="a">539.19</subfield></datafield><datafield ind1=" " ind2=" " tag="CAT"><subfield code="a">SYS</subfield><subfield code="c">20170222</subfield><subfield code="h">151253</subfield></datafield></record></collection>